@ARTICLE{Lin2011, 
author={Peng Lin and Jin Zhang and Yanjiao Chen and Qian Zhang}, 
journal={Wireless Communications, IEEE}, 
title={Macro-femto heterogeneous network deployment and management: from business models to technical solutions}, 
year={2011}, 
volume={18}, 
number={3}, 
pages={64-70}, 
keywords={channel allocation;femtocellular radio;mobility management (mobile radio);telecommunication services;WSP revenue maximization;business models;cross-tier channel allocation;femtocell services;in-building coverage problem;macrofemto heterogeneous network deployment;network management;optimal pricing selection;technical solutions;users demand satisfaction;wireless service providers;Femtocells;Interference;Resource management;Throughput;Ultrafast electronics}, 
doi={10.1109/MWC.2011.5876502}, 
ISSN={1536-1284}, 
month={June},}

@ARTICLE{Andrews2012JSAC, 
author={Andrews, J.G. and Claussen, H. and Dohler, M. and Rangan, S. and Reed, M.C.}, 
journal={Selected Areas in Communications, IEEE Journal on}, 
title={Femtocells: Past, Present, and Future}, 
year={2012}, 
volume={30}, 
number={3}, 
pages={497-508}, 
keywords={Internet;femtocellular radio;radiofrequency interference;wireless LAN;Internet;WiFi offloading;backhaul regulations;base station deployment;base stations;cellular networks;femtocells;interference while;small cell technology;3G mobile communication;Cellular networks;Femtocells;Interference;Macrocell networks;3GPP;Cellular Networks;Femtocells;Heterogeneous Networks}, 
doi={10.1109/JSAC.2012.120401}, 
ISSN={0733-8716}, 
month={April},}

@ARTICLE{Gilhousen1991, 
author={Gilhousen, K.S. and Jacobs, I.M. and Padovani, R. and Viterbi, A.J. and Weaver, L.A., Jr. and Wheatley, C.E., III}, 
journal={Vehicular Technology, IEEE Transactions on}, 
title={On the capacity of a cellular CDMA system}, 
year={1991}, 
volume={40}, 
number={2}, 
pages={303-312}, 
keywords={cellular radio;channel capacity;code division multiple access;digital radio systems;radiotelephony;cellular CDMA;cellular radio;channel capacity;code division multiple access;digital radio;hubbed satellite network;interference-suppression;multiple-cell system;power control;radiotelephony;single-cell system;terrestrial cellular telephony;Digital modulation;Frequency division multiaccess;Jacobian matrices;Multiaccess communication;Satellites;Spread spectrum communication;Telephony;Time division multiple access;Transmitters;Viterbi algorithm}, 
doi={10.1109/25.289411}, 
ISSN={0018-9545}, 
month={May},}

@book{Haenggi2013Book,
  author    = {Martin Haenggi},
  title     = {Stochastic Geometry for Wireless Networks},
  publisher = {Cambridge University Press},
  year      = {2013},
  url       = {http://www.cambridge.org/us/academic/subjects/engineering/wireless-communications/stochastic-geometry-wireless-networks},
  isbn      = {978-1-107-01469-5},
  timestamp = {Tue, 14 Jan 2014 17:28:37 +0100},
  biburl    = {http://dblp.uni-trier.de/rec/bib/books/daglib/0032637},
  bibsource = {dblp computer science bibliography, http://dblp.org}
}

@ARTICLE{Haenggi2009JSAC, 
author={Haenggi, M. and Andrews, J.G. and Baccelli, F. and Dousse, O. and Franceschetti, M.}, 
journal={Selected Areas in Communications, IEEE Journal on}, 
title={Stochastic geometry and random graphs for the analysis and design of wireless networks}, 
year={2009}, 
volume={27}, 
number={7}, 
pages={1029-1046}, 
keywords={geometry;graph theory;probability;radio networks;radiofrequency interference;random processes;stochastic processes;Poisson point process;mathematical technique;outage probability;percolation theory;probabilistic combinatorics;radio interference;random graph;stochastic geometry;wireless network capacity;wireless network connectivity;Base stations;Fading;Information geometry;Interference;Signal analysis;Signal design;Signal to noise ratio;Stochastic processes;Wireless networks;Wireless sensor networks;Tutorial, wireless networks, stochastic geometry, random geometric graphs, interference, percolation}, 
doi={10.1109/JSAC.2009.090902}, 
ISSN={0733-8716}, 
month={September},}

@article{Baccelli2009Vol1,
  author    = {Fran{\c{c}}ois Baccelli and
               Bartlomiej Blaszczyszyn},
  title     = {Stochastic Geometry and Wireless Networks, Volume 1: Theory},
  journal   = {Foundations and Trends in Networking},
  volume    = {3},
  number    = {3-4},
  pages     = {249--449},
  year      = {2009},
  url       = {http://dx.doi.org/10.1561/1300000006},
  doi       = {10.1561/1300000006},
  timestamp = {Mon, 12 Apr 2010 08:06:22 +0200},
  biburl    = {http://dblp.uni-trier.de/rec/bib/journals/ftnet/BaccelliB09},
  bibsource = {dblp computer science bibliography, http://dblp.org}
}

@article{Baccelli2009Vol2,
  author    = {Fran{\c{c}}ois Baccelli and
               Bartlomiej Blaszczyszyn},
  title     = {Stochastic Geometry and Wireless Networks, Volume 2: Applications},
  journal   = {Foundations and Trends in Networking},
  volume    = {4},
  number    = {1-2},
  pages     = {1--312},
  year      = {2009},
  url       = {http://dx.doi.org/10.1561/1300000026},
  doi       = {10.1561/1300000026},
  timestamp = {Mon, 12 Apr 2010 08:06:24 +0200},
  biburl    = {http://dblp.uni-trier.de/rec/bib/journals/ftnet/BaccelliB09a},
  bibsource = {dblp computer science bibliography, http://dblp.org}
}

@ARTICLE{Cardieri2010, 
author={Cardieri, P.}, 
journal={Communications Surveys Tutorials, IEEE}, 
title={Modeling Interference in Wireless Ad Hoc Networks}, 
year={2010}, 
volume={12}, 
number={4}, 
pages={551-572}, 
keywords={ad hoc networks;radiofrequency interference;random processes;interference modelling;network functions;physical layer parameters;radio capture phenomenon;random process;wireless ad hoc networks;Ad hoc networks;Algorithm design and analysis;Degradation;Interference;Media Access Protocol;Mobile ad hoc networks;Physical layer;Random processes;Transfer functions;Wireless networks;¦Á-stable distribution;interference graphs;interference models;spatial point process;wireless ad hoc networks;wireless network models}, 
doi={10.1109/SURV.2010.032710.00096}, 
ISSN={1553-877X}, 
month={Fourth},}

@conference{Kleinrock1978,
	Address = {Birmingham, Alabama},
	Author = {Kleinrock, L. and J. Silvester},
	Booktitle = {Conference Record, National Telecommunications Conference},
	Month = {December},
	Pages = {4.3.2--4.3.5},
	Title = {Optimum Transmission Radii for Packet Radio Networks or Why Six is a Magic Number},
	Year = {1978},}

@ARTICLE{Andrews2011TC, 
author={Andrews, J.G. and Baccelli, F. and Ganti, R.K.}, 
journal={Communications, IEEE Transactions on}, 
title={A Tractable Approach to Coverage and Rate in Cellular Networks}, 
year={2011}, 
volume={59}, 
number={11}, 
pages={3122-3134}, 
keywords={cellular radio;frequency allocation;interference suppression;probability;sensor placement;stochastic processes;SINR;base station deployment;cellular networks;coverage probability;grid model;mobile users;outage probability;signal to interference plus noise ratio;static frequency reuse;stochastic geometry;tractable approach;Base stations;Fading channels;Interference;Mobile communication;Shadow mapping;Signal to noise ratio;Cellular systems;SINR;outage probability;stochastic geometry}, 
doi={10.1109/TCOMM.2011.100411.100541}, 
ISSN={0090-6778}, 
month={November},}

@book{Okabe1992,
 author = {Okabe, Atsuyuki and Boots, Barry and Sugihara, Kokichi},
 title = {Spatial Tessellations: Concepts and Applications of Voronoi Diagrams},
 year = {1992},
 isbn = {0-471-93430-5},
 publisher = {John Wiley \& Sons, Inc.},
 address = {New York, NY, USA},
}

@ARTICLE{Novlan2011TWC, 
author={Novlan, T.D. and Ganti, R.K. and Ghosh, A. and Andrews, J.G.}, 
journal={Wireless Communications, IEEE Transactions on}, 
title={Analytical Evaluation of Fractional Frequency Reuse for OFDMA Cellular Networks}, 
year={2011}, 
volume={10}, 
number={12}, 
pages={4294-4305}, 
keywords={OFDM modulation;cellular radio;resource allocation;stochastic processes;OFDMA cellular networks;Poisson point process;SINR-proportional resource allocation;base station locations;fractional frequency reuse;hexagonal grid;interference management;soft frequency reuse;strict FFR;Base stations;Downlink;Interference (signal);Mobile communication;OFDM;Power control;Signal to noise ratio;Fractional frequency reuse (FFR);cellular networks;inter-cell interference coordination (ICIC) techniques;soft frequency reuse (SFR)}, 
doi={10.1109/TWC.2011.100611.110181}, 
ISSN={1536-1276}, 
month={December},}

@ARTICLE{Novlan2012TC, 
author={Novlan, T.D. and Ganti, R.K. and Ghosh, A. and Andrews, J.G.}, 
journal={Communications, IEEE Transactions on}, 
title={Analytical Evaluation of Fractional Frequency Reuse for Heterogeneous Cellular Networks}, 
year={2012}, 
volume={60}, 
number={7}, 
pages={2029-2039}, 
keywords={cellular radio;frequency allocation;interference (signal);stochastic processes;SFR deployment;analytical evaluation;cell-edge users;closed access FFR;coverage improvement;cross-tier interference;deterministic access point locations;fractional frequency reuse;heterogeneous cellular networks;heterogeneous deployments;interference management techniques;key FFR parameters;low-percentile users;multitier networks;open access;shared spectrum;soft frequency reuse deployment;spatial Poisson point process;strict FFR;system design;system simulations;tractable expressions;Analytical models;Downlink;Femtocells;Interference;Macrocell networks;Signal to noise ratio;Fractional frequency reuse;Interference management;heterogeneous cellular networks}, 
doi={10.1109/TCOMM.2012.061112.110477}, 
ISSN={0090-6778}, 
month={July},}

@ARTICLE{Dhillon2012JSAC, 
author={Dhillon, H.S. and Ganti, R.K. and Baccelli, F. and Andrews, J.G.}, 
journal={Selected Areas in Communications, IEEE Journal on}, 
title={Modeling and Analysis of K-Tier Downlink Heterogeneous Cellular Networks}, 
year={2012}, 
volume={30}, 
number={3}, 
pages={550-560}, 
keywords={Long Term Evolution;Rayleigh channels;cellular radio;stochastic processes;HCN;K-tier downlink heterogeneous cellular networks;LTE network;Rayleigh fading;SINR;heterogeneous infrastructure;independent Poisson point processes;interference-limited open access networks;signal-to-interference-plus-noise-ratio;tower-mounted base-stations;Analytical models;Fading;Femtocells;Interference;Load modeling;Mobile communication;Signal to noise ratio;Femtocells;coverage probability;heterogeneous cellular networks;point process theory;stochastic geometry}, 
doi={10.1109/JSAC.2012.120405}, 
ISSN={0733-8716}, 
month={April},}

@ARTICLE{Chandrasekhar2009TC, 
author={Chandrasekhar, V. and Andrews, J.G.}, 
journal={Communications, IEEE Transactions on}, 
title={Spectrum allocation in tiered cellular networks}, 
year={2009}, 
volume={57}, 
number={10}, 
pages={3059-3068}, 
keywords={OFDM modulation;cellular radio;cochannel interference;frequency division multiple access;quality of service;OFDMA;QoS requirement;area spectral efficiency;cochannel interference;coordinated frequency planning;cross-tier interference;femtocells;hotspot density;macrocells;optimum decentralized spectrum allocation policy;orthogonal frequency division multiple access;quality of service;tiered cellular networks;two-tier networks;Cellular networks;Costs;Femtocells;Frequency conversion;Interchannel interference;Land mobile radio cellular systems;Macrocell networks;Power generation economics;Quality of service;Relays;OFDMA;Two-tier;basestation;capacity;cellular;femtocell;hierarchical;macrocell;overlay;spectrum}, 
doi={10.1109/TCOMM.2009.10.080529}, 
ISSN={0090-6778}, 
month={October},}

@ARTICLE{Cheung2012JSAC, 
author={Wang Chi Cheung and Quek, T.Q.S. and Kountouris, M.}, 
journal={Selected Areas in Communications, IEEE Journal on}, 
title={Throughput Optimization, Spectrum Allocation, and Access Control in Two-Tier Femtocell Networks}, 
year={2012}, 
volume={30}, 
number={3}, 
pages={561-574}, 
keywords={OFDM modulation;channel allocation;femtocellular radio;frequency allocation;frequency division multiple access;OFDMA;access control;disjoint subchannel allocation;femtocell access policy;flexible subchannel allocation;inter-tier interference;intra-tier interference;spectrum allocation;success probability;throughput optimization;two-tier femtocell networks;Femtocell networks;Interference;Joints;Macrocell networks;Optimization;Resource management;Throughput;Femtocell network;OFDMA;access control;downlink;spectrum allocation;stochastic geometry;throughput optimization}, 
doi={10.1109/JSAC.2012.120406}, 
ISSN={0733-8716}, 
month={April},}

@ARTICLE{Chandr2009TWC, 
author={Chandrasekhar, V. and Andrews, J.G.}, 
journal={Wireless Communications, IEEE Transactions on}, 
title={Uplink capacity and interference avoidance for two-tier femtocell networks}, 
year={2009}, 
volume={8}, 
number={7}, 
pages={3498-3509}, 
keywords={cellular radio;code division multiple access;spread spectrum communication;telecommunication links;DS-CDMA transmission;active macrocell users;cellular network;cellular user capacity;cross-tier interference;embedded femtocell hotspots;femtocell density;handoff policy;interference avoidance;network wide area spectral efficiency metric;omnidirectional femtocell antenna;sectorized antenna;spectrum two-tier networks;tier selection;time-hopped CDMA physical layer;two-tier CDMA network;two-tier femtocell network;universal frequency reuse;uplink capacity analysis;uplink outage probability;Base stations;Capacity planning;Cellular networks;Femtocell networks;Frequency;Interference constraints;Land mobile radio cellular systems;Macrocell networks;Multiaccess communication;Power generation economics;Operating contours, code division multiaccess, macrocell, femtocell, cellular, uplink capacity, outage probability.}, 
doi={10.1109/TWC.2009.070475}, 
ISSN={1536-1276}, 
month={July},}
